@book{tufte,
  title={The visual display of quantitative information},
  author={Tufte, Edward R and Graves-Morris, PR},
  volume={2},
  number={9},
  year={1983},
  publisher={Graphics press Cheshire, CT}
},



@INPROCEEDINGS{nvisionip, 
author={K. Lakkaraju and W. Yurcik and R. Bearavolu and A. J. Lee}, 
booktitle={Systems, Man and Cybernetics, 2004 IEEE International Conference on}, 
title={NVisionIP: an interactive network flow visualization tool for security}, 
year={2004}, 
volume={3}, 
pages={2675-2680 vol.3}, 
keywords={computer network reliability;security of data;NVisionIP;class B network;interactive network flow visualization tool;network monitoring tool;security engineer;visual information seeking mantra;Computer networks;Data engineering;Data processing;Data security;Data visualization;Humans;Information security;Knowledge engineering;Monitoring;National security}, 
doi={10.1109/ICSMC.2004.1400735}, 
ISSN={1062-922X}, 
month={Oct}
},


@misc{cisco_ddos,
url={http://www.cisco.com/c/en/us/about/security-center/guide-ddos-defense.html},
urldate={2016-4-19},
journal={Cisco},
year={2016}
},

@misc{cisco_netflow,
author={Services, Products and Software, Cisco and Technologies, Cisco and Instrumentation, Management and NetFlow, Cisco and Literature, Data and Papers, White},
title={Introduction to Cisco IOS NetFlow  - A Technical Overview},
url={http://www.cisco.com/c/en/us/products/collateral/ios-nx-os-software/ios-netflow/prod_white_paper0900aecd80406232.html},
urldate={2016-4-19},
journal={Cisco},
year={2016}
},

@misc{nfdump,
url={http://nfdump.sourceforge.net},
urldate={2016-4-19},
journal={Nfdump.sourceforge.net},
year={2016}
},

@Inbook{datatraffic,
author={Coffman, K. G.
and Odlyzko, A. M.},
editor={Abello, James
and Pardalos, Panos M.
and Resende, Mauricio G. C.},
chapter={Internet Growth: Is There a ``Moore's Law'' for Data Traffic?},
title={Handbook of Massive Data Sets},
year={2002},
publisher={Springer US},
address={Boston, MA},
pages={47--93},
isbn={978-1-4615-0005-6}
},

@book{2007visual,
  title={Visual communication: More than meets the eye},
  author={Jamieson, G Harry},
  year={2007},
  publisher={Intellect Books}
}




@misc{D3,
author={Bostock, Mike},
title={D3.js - Data-Driven Documents},
url={https://d3js.org},
urldate={2016-4-19},
journal={D3js.org},
year={2016}
},




@misc{wiki_data_viz,
url={https://en.wikipedia.org/wiki/Data_visualization#Data_presentation_architecture},
title={Data Presentation Architecture},
urldate={2016-4-19},
journal={Wikipedia},
year={2016}
},


@misc{simple_graph,
url={http://bl.ocks.org/d3noob/b3ff6ae1c120eea654b5},
urldate={2016-4-19},
journal={Bl.ocks.org},
year={2016}
},

@inproceedings{nvisionip_list,
 author = {Lakkaraju, Kiran and Yurcik, William and Lee, Adam J.},
 title = {NVisionIP: Netflow Visualizations of System State for Security Situational Awareness},
 booktitle = {Proceedings of the 2004 ACM Workshop on Visualization and Data Mining for Computer Security},
 series = {VizSEC/DMSEC '04},
 year = {2004},
 isbn = {1-58113-974-8},
 location = {Washington DC, USA},
 pages = {65--72},
 numpages = {8},
 url = {http://doi.acm.org/10.1145/1029208.1029219},
 doi = {10.1145/1029208.1029219},
 acmid = {1029219},
 publisher = {ACM},
 address = {New York, NY, USA},
 keywords = {NetFlows, security system state, security visualization, situational awareness}
},

@misc{friedman,
author={Friedman, Vitaly},
title={Data Visualization and Infographics Smashing Magazine},
urldate={2016-4-19},
journal={Smashing Magazine},
year={2008}
},

@article{v9,
  title={Cisco systems NetFlow services export version 9},
  author={Claise, Benoit},
  year={2004}
},

@article{ipfix,
  title={An introduction to IP flow information export (IPFIX)},
  author={Trammell, Brian and Boschi, Elisa},
  journal={Communications Magazine, IEEE},
  volume={49},
  number={4},
  pages={89--95},
  year={2011},
  publisher={IEEE}
},

@article{netflow_evolve,
 author = {Estan, Cristian and Keys, Ken and Moore, David and Varghese, George},
 title = {Building a Better NetFlow},
 journal = {SIGCOMM Comput. Commun. Rev.},
 issue_date = {October 2004},
 volume = {34},
 number = {4},
 month = aug,
 year = {2004},
 issn = {0146-4833},
 pages = {245--256},
 numpages = {12},
 url = {http://doi.acm.org/10.1145/1030194.1015495},
 doi = {10.1145/1030194.1015495},
 acmid = {1015495},
 publisher = {ACM},
 address = {New York, NY, USA},
 keywords = {data summarization, network monitoring, traffic measurement}
},

@article{bigdata,
  title={Big data},
  author={McAfee, Andrew and Brynjolfsson, Erik and Davenport, Thomas H and Patil, DJ and Barton, Dominic},
  journal={The management revolution. Harvard Bus Rev},
  volume={90},
  number={10},
  pages={61--67},
  year={2012}
},

@inproceedings{flow_monitoring,
  title={Design of an application programming interface for ip network monitoring},
  author={Polychronakis, Michalis and Markatos, Evangelos P and Anagnostakis, Kostas G and {\O}sleb{\o}, Arne},
  booktitle={Network Operations and Management Symposium, 2004. NOMS 2004. IEEE/IFIP},
  volume={1},
  pages={483--496},
  year={2004},
  organization={IEEE}
}
